@book{energy_policy_review_spain_2021, 
author={International Energy Agency},
title={Spain 2021 Energy Policy Review},
year={2021},
url={https://iea.blob.core.windows.net/assets/2f405ae0-4617-4e16-884c-7956d1945f64/Spain2021.pdf} }

‌
‌